

@article{42310,
	author={Ferrier, R.P. and Martin, F.J. and Arnoldussen, T.C. and Nunnelley, L.L. and Burleson, M.A.},
	journal= {IEEE Transactions on Magnetics}, 
	title={The determination of transition noise by Lorentz electron microscopy}, 
	year={1989},
	volume={25},
	number={5},
	pages={3387-3389},
	doi={10.1109/20.42310}
}

@article{Lorentz-1,
	title={Learned peak shape functions for powder diffraction data},
	author={A. Hepp and C. Baerlocher},
	journal={Australian Journal of Physics},
	year={1988},
	volume={41},
	number={2},
	pages={229-236}
}


@article{Lorentz_AND_GAUSSIAN_book,
	title={The Gaussian-Lorentzian Sum, Product, and Convolution (Voigt) functions in the context of peak fitting X-ray photoelectron spectroscopy (XPS) narrow scans},
	author={Jain, Varun and Biesinger, Mark C and Linford, Matthew R},
	journal={Applied Surface Science},
	volume={447},
	pages={548-553},
	year={2018},
	publisher={Elsevier}
}

@INPROCEEDINGS{Hilbert_book,
	author={Feldman, Michael},
	booktitle={Hilbert Transform Applications In Mechanical Vibration}, 
	title={Analytic Signal Representation}, 
	year={2011},
	volume={},
	number={},
	pages={9-10},
	publisher={London, UK: John Wiley \& Sons},
	doi={10.1109/ICMIPE.2013.6864504}}


@INPROCEEDINGS{gray_as_Intensity,
	author={Yan, Fang and Hamit, Murat and Kutluk, Abdugheni and Yan, Chuanbo and Li, Li and Yuan, Weikang and Kong, Dewei},
	booktitle={2013 IEEE International Conference on Medical Imaging Physics and Engineering}, 
	title={Feature extraction and analysis on X-ray image of Xinjiang Kazak Esophageal cancer by using gray-level histograms}, 
	year={2013},
	volume={},
	number={},
	pages={61-65},
	publisher={2nd ed., London, UK: World Scientific Publishing Company},
	doi={10.1109/ICMIPE.2013.6864504}}


@INPROCEEDINGS{Lorentz-0,
	author={Sasaki, Tetsuo and Sakamoto, Tomoaki and Otsuka, Makoto},
	booktitle={2020 45th International Conference on Infrared, Millimeter, and Terahertz Waves (IRMMW-THz)}, 
	title={Absorption Peak Shape of the Lowest Vibrational Mode of Î²-form D-mannitol Observed by High Frequency Accuracy Terahertz Spectroscopy}, 
	year={2020},
	volume={},
	number={},
	pages={1-2},
	doi={10.1109/IRMMW-THz46771.2020.9370691}}



@article{Lorentz-2,
	title={Theory and problems of probability and statistics},
	author={Murray, R Spiegel},
	journal={Singapore: McGraws-Hill Book and Co},
	address =      {New York},
	pages =        {114-115},
	year={1975}
}

@ARTICLE{BaselineCNN,
	author={Shan, Wei and Liu, Peng and Mu, Lin and Cao, Caihong and He, Guojin},
	journal= IEEE_O_ACC, 
	title={Hyperspectral Image Denoising With Dual Deep CNN}, 
	year={2019},
	volume={0},
	volume={7},
	pages={171297-171312},
	doi={10.1109/ACCESS.2019.2955810}
}

@INPROCEEDINGS{Hilbert-1,
	author={Mabrouki, Rebeh and Khaddoumi, Balkine and Sayadi, Mounir},
	booktitle={2014 1st International Conference on Advanced Technologies for Signal and Image Processing (ATSIP)}, 
	title={R peak detection in electrocardiogram signal based on a combination between empirical mode decomposition and Hilbert transform}, 
	year={2014},
	volume={},
	number={},
	pages={183-187},
	doi={10.1109/ATSIP.2014.6834603}
}

@INPROCEEDINGS{Hilbert-2,
	author={Mukhopadhyay, S. K. and Mitra, M. and Mitra, S.},
	booktitle={2013 IEEE Point-of-Care Healthcare Technologies (PHT)}, 
	title={{ECG} signal processing: Lossless compression, transmission via {GSM} network and feature extraction using {Hilbert} transform}, 
	year={2013},
	volume={},
	number={},
	pages={85-88},
	doi={10.1109/PHT.2013.6461290}
}
@INPROCEEDINGS{Lorentz-00,
	author={Changlu Bi and Lieming Li and Dan Wang and Ziqiang Wang and Wenbin Cao},
	booktitle={2008 International Workshop on Metamaterials}, 
	title={Research on curve fitting of transmission T of 2D photonic crystal microcavity}, 
	year={2008},
	volume={},
	number={},
	pages={166-168},
	doi={10.1109/META.2008.4723567}
}
@INPROCEEDINGS{Lorentz-01,
	author={Li, Chengbin and Li, Yongqian},
	booktitle={2009 5th International Conference on Wireless Communications, Networking and Mobile Computing}, 
	title={Fitting of Brillouin Spectrum Based on LabVIEW}, 
	year={2009},
	volume={},
	number={},
	pages={1-4},
	doi={10.1109/WICOM.2009.5303692}
}


@INPROCEEDINGS{LP-BaseLine,         
	author={L. P. Chang},
	title={Development and Application of an Algorithm for Automated Peak Detection and Baseline Correction for Line Spectrum}, 
	year={2018},
	volume={},
	number={},
	pages={20-24},
	publisher={M.S. thesis, Dept. Automation and Control., Taiwan Tech Univ., Taipei, Taiwan}
}

%---------------------------------------------------------------------------------------------
@ARTICLE{Spectral-fitting,
	author={Brown, A.J.},
	journal={IEEE Transactions on Geoscience and Remote Sensing}, 
	title={Spectral curve fitting for automatic hyperspectral data analysis}, 
	year={2006},
	volume={44},
	number={6},
	pages={1601-1608},
	doi={10.1109/TGRS.2006.870435}
}


@INPROCEEDINGS{diffraction-2nd-Light,         
	author={Vesperinas, Manuel Nieto},
	booktitle={Scattering And Diffraction In Physical Optics}, 
	title={Elements of the Theory of Diffraction}, 
	year={2006},
	volume={},
	number={},
	pages={185-225},
	publisher={2nd ed., London, UK: World Scientific Publishing Company}
}


@INPROCEEDINGS{Least-Squart-method,         
	author={Boyd, Stephen and Vandenberghe, Lieven},
	booktitle={Introduction to Applied Linear Algebra: Vectors, Matrices, and Least Squares}, 
	title={Nonlinear Least Squares}, 
	year={2018},
	volume={},
	number={},
	pages={381-412},
	publisher={New York, NY, USA: Cambridge university press}
}

@INPROCEEDINGS{slope-find-peak,
	author={Li, Haoran},
	booktitle={2020 IEEE 3rd International Conference on Information Systems and Computer Aided Education (ICISCAE)}, 
	title={A Novel Dual-Slope Based Electrocardiogram Peak Detection Method for Wearable Devices}, 
	year={2020},
	volume={},
	number={},
	pages={327-331},
	doi={10.1109/ICISCAE51034.2020.9236911}
}

@INPROCEEDINGS{over-exposure,
	author={Guo, Dong and Cheng, Yuan and Zhuo, Shaojie and Sim, Terence},
	booktitle={2010 IEEE Computer Society Conference on Computer Vision and Pattern Recognition}, 
	title={Correcting over-exposure in photographs}, 
	year={2010},
	volume={},
	number={},
	pages={515-521},
	doi={10.1109/CVPR.2010.5540170}
}

@INPROCEEDINGS{DLL,
	author={An, Zhiyuan and Liu, Haiyan},
	booktitle={2010 International Symposium on Intelligence Information Processing and Trusted Computing}, 
	title={Achievement of Dynamic Link Library Insertion under .Net}, 
	year={2010},
	volume={},
	number={},
	pages={403-405},
	doi={10.1109/IPTC.2010.92}
}

@INPROCEEDINGS{RS232,
	author={Xiaoru, Han and Yudong, Gao},
	booktitle={2007 8th International Conference on Electronic Measurement and Instruments}, 
	title={Design and Implementation of the Universal RS232-GPIB Interface}, 
	year={2007},
	volume={},
	number={},
	pages={3-220-3-223},
	doi={10.1109/ICEMI.2007.4350894}
}

@ARTICLE{DG,
	author={Chen, Yue and Xu, Yang and Mierop, Adri J. and Theuwissen, Albert J. P.},
	journal={IEEE Sensors Journal}, 
	title={Column-Parallel Digital Correlated Multiple Sampling for Low-Noise CMOS Image Sensors}, 
	year={2012},
	volume={12},
	number={4},
	pages={793-799},
	doi={10.1109/JSEN.2011.2160391}
}

@INPROCEEDINGS{White-LED,
	author={Lo, Jeffery C. C. and Lee, S. W. Ricky and Guo, Xungao and Zhao, Huishan},
	booktitle={2016 International Conference on Electronics Packaging (ICEP)}, 
	title={Numerical prediction and experimental validation of multiple phosphor white LED spectrum}, 
	year={2016},
	volume={},
	number={},
	pages={57-61},
	doi={10.1109/ICEP.2016.7486782}
}

@ARTICLE{RGB-to-Spectrum,
	author={Fu, Ying and Zheng, Yongrong and Zhang, Lin and Huang, Hua},
	journal={IEEE Transactions on Computational Imaging}, 
	title={Spectral Reflectance Recovery From a Single RGB Image}, 
	year={2018},
	volume={4},
	number={3},
	pages={382-394},
	doi={10.1109/TCI.2018.2855445}
}
